<?xml version="1.0" encoding="UTF-8"?><collection xmlns="http://www.loc.gov/MARC21/slim"><record><leader>00523nam--2200193-i-4500</leader><controlfield tag="001">000014652</controlfield><controlfield tag="002">20161230</controlfield><controlfield tag="005">20161230201030</controlfield><controlfield tag="008">060222s1000------------r-----000-0-eng-d</controlfield><datafield ind1=" " ind2=" " tag="040"><subfield code="a">IFIN-HH</subfield></datafield><datafield ind1=" " ind2=" " tag="080"><subfield code="a">538.91:538.95</subfield></datafield><datafield ind1="1" ind2=" " tag="100"><subfield code="a">Hutchison, T.S</subfield></datafield><datafield ind1="1" ind2="0" tag="245"><subfield code="a">The physics of engineering solids</subfield><subfield code="c">T.s. hutchison, d.c. baird</subfield></datafield><datafield ind1=" " ind2=" " tag="250"><subfield code="a">Second Edition</subfield></datafield><datafield ind1=" " ind2=" " tag="260"><subfield code="a">New York</subfield><subfield code="b">John Wiley And Sons, Inc</subfield><subfield code="c">1968</subfield></datafield><datafield ind1=" " ind2=" " tag="300"><subfield code="a">XVIII + 534P</subfield></datafield><datafield ind1="1" ind2=" " tag="700"><subfield code="a">Baird, D.C</subfield></datafield><datafield ind1=" " ind2=" " tag="852"><subfield code="a">75078</subfield><subfield code="c">539.2</subfield></datafield><datafield ind1=" " ind2=" " tag="CAT"><subfield code="a">Sys</subfield><subfield code="c">20121123</subfield><subfield code="h">125130</subfield></datafield></record></collection>